@misc{buhrii-publication,
  note = "Bohdan Buhrii and Yuriy Muzychuk . ``Adversarial attacks on object detection systems''. In: \textit{International Student Scientific Conference on Applied Mathematics and Computer Sciences (ISSCAMCS) } 2023."
}

@misc{buhrii-adv,
  note = "Bohdan Buhrii. ``Attacks on deep neural networks''. In: \textit{Course work for the third year}, 2020."
}

@misc{buhrii-defense,
  note = "Bohdan Buhrii. ``Development of algorithms for protection against attacks on deep neural networks''. In: \textit{Course work for the fourth year, GitHub repository}, 2021. URL: \url{https://github.com/BohdanBuhrii/Defending-DNN-against-attacks}."
}

@misc{my-github,
  note = "Bohdan Buhrii. ``Enemy detection''. In: \textit{GitHub repository}, 2023. URL: \url{https://github.com/BohdanBuhrii/enemy-detection/tree/master-thesis}."
}

@misc{yolov5,
  note = "Glenn Jocher et al. ``yolov5''. In: \textit{GitHub repository}, 2022. URL: \url{https://github.com/ultralytics/yolov5}."
}

@misc{od-overview,
      title={Object Detection in 20 Years: A Survey}, 
      author={Zhengxia Zou and Keyan Chen and Zhenwei Shi and Yuhong Guo and Jieping Ye},
      year={2023},
      eprint={1905.05055},
      archivePrefix={arXiv},
      primaryClass={cs.CV}
}

@misc{white-rectangle,
      title={Untargeted Backdoor Attack against Object Detection}, 
      author={Chengxiao Luo and Yiming Li and Yong Jiang and Shu-Tao Xia},
      year={2023},
      eprint={2211.05638},
      archivePrefix={arXiv},
      primaryClass={cs.CV}
}

@incollection{ssd,
	doi = {10.1007/978-3-319-46448-0_2},
  
	url = {https://doi.org/10.1007\%2F978-3-319-46448-0_2},
  
	year = 2016,
	publisher = {Springer International Publishing},
  
	pages = {21--37},
  
	author = {Wei Liu and Dragomir Anguelov and Dumitru Erhan and Christian Szegedy and Scott Reed and Cheng-Yang Fu and Alexander C. Berg},
  
	title = {{SSD}: Single Shot {MultiBox} Detector},
  
	booktitle = {Computer Vision {\textendash} {ECCV} 2016}
}

@misc{yolov4-paper,
      title={YOLOv4: Optimal Speed and Accuracy of Object Detection}, 
      author={Alexey Bochkovskiy and Chien-Yao Wang and Hong-Yuan Mark Liao},
      year={2020},
      eprint={2004.10934},
      archivePrefix={arXiv},
      primaryClass={cs.CV}
}

@article{r-cnn,
  author={Girshick, Ross and Donahue, Jeff and Darrell, Trevor and Malik, Jitendra},
  journal={IEEE Transactions on Pattern Analysis and Machine Intelligence}, 
  title={Region-Based Convolutional Networks for Accurate Object Detection and Segmentation}, 
  year={2016},
  volume={38},
  number={1},
  pages={142-158},
  doi={10.1109/TPAMI.2015.2437384}}

@misc{adversarial,
      title={Intriguing properties of neural networks}, 
      author={Christian Szegedy and Wojciech Zaremba and Ilya Sutskever and Joan Bruna and Dumitru Erhan and Ian Goodfellow and Rob Fergus},
      year={2014},
      eprint={1312.6199},
      archivePrefix={arXiv},
      primaryClass={cs.CV}
}

@misc{fgsm,
      title={Explaining and Harnessing Adversarial Examples}, 
      author={Ian J. Goodfellow and Jonathon Shlens and Christian Szegedy},
      year={2015},
      eprint={1412.6572},
      archivePrefix={arXiv},
      primaryClass={stat.ML}
}

@misc{black-box,
      title={A Survey of Black-Box Adversarial Attacks on Computer Vision Models}, 
      author={Siddhant Bhambri and Sumanyu Muku and Avinash Tulasi and Arun Balaji Buduru},
      year={2020},
      eprint={1912.01667},
      archivePrefix={arXiv},
      primaryClass={cs.LG}
}
@misc{yolov1,
      title={You Only Look Once: Unified, Real-Time Object Detection}, 
      author={Joseph Redmon and Santosh Divvala and Ross Girshick and Ali Farhadi},
      year={2016},
      eprint={1506.02640},
      archivePrefix={arXiv},
      primaryClass={cs.CV}
}

@misc{yolo-overview,
      title={A Comprehensive Review of YOLO: From YOLOv1 to YOLOv8 and Beyond}, 
      author={Juan Terven and Diana Cordova-Esparza},
      year={2023},
      eprint={2304.00501},
      archivePrefix={arXiv},
      primaryClass={cs.CV}
}

@misc{darknet,
      title={Deep Residual Learning for Image Recognition}, 
      author={Kaiming He and Xiangyu Zhang and Shaoqing Ren and Jian Sun},
      year={2015},
      eprint={1512.03385},
      archivePrefix={arXiv},
      primaryClass={cs.CV}
}

@misc{yolov3,
      title={YOLOv3: An Incremental Improvement}, 
      author={Joseph Redmon and Ali Farhadi},
      year={2018},
      eprint={1804.02767},
      archivePrefix={arXiv},
      primaryClass={cs.CV}
}

@misc{adam,
      title={Adam: A Method for Stochastic Optimization}, 
      author={Diederik P. Kingma and Jimmy Ba},
      year={2017},
      eprint={1412.6980},
      archivePrefix={arXiv},
      primaryClass={cs.LG}
}

@misc{sgd,
      title={An overview of gradient descent optimization algorithms}, 
      author={Sebastian Ruder},
      year={2017},
      eprint={1609.04747},
      archivePrefix={arXiv},
      primaryClass={cs.LG}
}

@misc{baddet,
      title={BadDet: Backdoor Attacks on Object Detection}, 
      author={Shih-Han Chan and Yinpeng Dong and Jun Zhu and Xiaolu Zhang and Jun Zhou},
      year={2022},
      eprint={2205.14497},
      archivePrefix={arXiv},
      primaryClass={cs.CV}
}

@misc{map,
  note = "Aqeel Anwar. ``What is Average Precision in Object Detection & Localization Algorithms and how to calculate it?''. In: \textit{Towards Data Science}, 2022. URL: \url{https://towardsdatascience.com/what-is-average-precision-in-object-detection-localization-algorithms-and-how-to-calculate-it-3f330efe697b}"
}

@misc{dota,
  note = "``DOTA. A Large-Scale Benchmark and Challenges for Object Detection in Aerial Images''. URL: \url{https://captain-whu.github.io/DOTA/index.html}"
}

@misc{yolov5-docks,
  note = "``Ultralitics YOLOv8 Docks''. URL: \url{https://docs.ultralytics.com/yolov5/}"
}

@misc{model-inversion,
  note = "Matt Fredrikson, Somesh Jha, and Thomas Ristenpart.``Model Inversion Attacks that Exploit Confidence Information and Basic Countermeasures''. \textit{CCS '15: Proceedings of the 22nd ACM SIGSAC Conference on Computer and Communications Security}, pp. 1322-1333. URL: \url{https://www.cs.cmu.edu/~mfredrik/papers/fjr2015ccs.pdf}"
}